
@article{ballUnredactedUSEmbassy2011,
  title = {Unredacted {{US}} Embassy Cables Available Online after {{WikiLeaks}} Breach},
  author = {Ball, James},
  date = {2011-09-01T00:00:07.000Z},
  journaltitle = {The Guardian},
  issn = {0261-3077},
  url = {https://www.theguardian.com/world/2011/sep/01/unredacted-us-embassy-cables-online},
  urldate = {2019-12-19},
  abstract = {Guardian denies allegation in WikiLeaks statement that journalist disclosed passwords to archive},
  entrysubtype = {newspaper},
  file = {/home/architect/Zotero/storage/XENY5EIG/unredacted-us-embassy-cables-online.html},
  journalsubtitle = {US news},
  keywords = {Media,The US embassy cables,US foreign policy,US national security,US news,WikiLeaks,World news},
  langid = {british}
}


